@article{Moran2019FracVAL,
	author = {J. Mor√°n and A. Fuentes and F. Liu and J. Yon},
	title = {{FracVAL: An improved tunable algorithm of cluster-cluster
	         aggregation for generation of fractal structures formed by
	         polydisperse primary particles}},
	journal = {Computer Physics Communications},
	year = {2019},
	volume = {239},
	pages = {225--237},
	doi = {10.1016/j.cpc.2019.01.015},
}

@article{Filippov2000Tunable,
	author = {Filippov, A. V. and Zurita, M. and Rosner, D. E.},
	title = {{Fractal-like Aggregates: Relation between Morphology and Physical
	         Properties}},
	journal = {Journal of Colloid and Interface Science},
	year = {2000},
	volume = {229},
	number = {1},
	pages = {261--273},
	doi = {10.1006/jcis.2000.7027},
}
